<?xml version="1.0" encoding="UTF-8"?>
<collection xmlns:xsi="http://www.w3.org/2001/XMLSchema-instance" xsi:schemaLocation="http://www.loc.gov/MARC21/slim http://www.loc.gov/standards/marcxml/schema/MARC21slim.xsd" xmlns="http://www.loc.gov/MARC21/slim">
<record>
  <leader>01122cam a2200289I  4500</leader>
  <controlfield tag="001">5308462</controlfield>
  <controlfield tag="003">NNC</controlfield>
  <controlfield tag="005">20130501143935.0</controlfield>
  <controlfield tag="008">840711s1955    le a     b    000 0 ara  </controlfield>
  <datafield tag="010" ind1=" " ind2=" ">
    <subfield code="a">   74237395 </subfield>
  </datafield>
  <datafield tag="035" ind1=" " ind2=" ">
    <subfield code="a">(OCoLC)ocm10936967</subfield>
  </datafield>
  <datafield tag="035" ind1=" " ind2=" ">
    <subfield code="a">(NNC)5308462</subfield>
  </datafield>
  <datafield tag="040" ind1=" " ind2=" ">
    <subfield code="a">DLC</subfield>
    <subfield code="c">IXA</subfield>
    <subfield code="d">IXA</subfield>
    <subfield code="d">ZCU</subfield>
  </datafield>
  <datafield tag="050" ind1=" " ind2=" ">
    <subfield code="a">DS84</subfield>
    <subfield code="b">.B37 1955</subfield>
  </datafield>
  <datafield tag="099" ind1=" " ind2=" ">
    <subfield code="a">956.9</subfield>
    <subfield code="a">B25 v.1</subfield>
  </datafield>
  <datafield tag="100" ind1="1" ind2=" ">
    <subfield code="a">Bāz, Rustum,</subfield>
    <subfield code="d">1819-1902.</subfield>
  </datafield>
  <datafield tag="245" ind1="1" ind2="0">
    <subfield code="a">Mudhakkirāt Rustum Bāz. Ḥaqqaq naṣṣahā wa-nasharaha maʻa muqaddamah wa-ḥawāsh wa-fahāris Fuʾād Afrām al-Bustānī.</subfield>
  </datafield>
  <datafield tag="260" ind1=" " ind2=" ">
    <subfield code="a">Bayrūt,</subfield>
    <subfield code="c">1955.</subfield>
  </datafield>
  <datafield tag="300" ind1=" " ind2=" ">
    <subfield code="a">7, 154 p.</subfield>
    <subfield code="b">illus.</subfield>
    <subfield code="c">25 cm.</subfield>
  </datafield>
  <datafield tag="490" ind1="1" ind2=" ">
    <subfield code="a">Manshūrāt al-Jāmiʻah al-Lubnānīyah. Qism al-Dirāsāt al-Tārīkhīyah ;</subfield>
    <subfield code="v">1</subfield>
  </datafield>
  <datafield tag="500" ind1=" " ind2=" ">
    <subfield code="a">Cover title: Mémoires de Rustom Baz.</subfield>
  </datafield>
  <datafield tag="504" ind1=" " ind2=" ">
    <subfield code="a">Includes bibliographical references.</subfield>
  </datafield>
  <datafield tag="600" ind1="1" ind2="0">
    <subfield code="a">Bāz, Rustum,</subfield>
    <subfield code="d">1819-1902.</subfield>
  </datafield>
  <datafield tag="600" ind1="0" ind2="0">
    <subfield code="a">Bashir</subfield>
    <subfield code="b">II,</subfield>
    <subfield code="c">Emir of Lebanon,</subfield>
    <subfield code="d">1767-1850.</subfield>
  </datafield>
  <datafield tag="700" ind1="1" ind2=" ">
    <subfield code="a">Bustānī, Fuʼād Afrām,</subfield>
    <subfield code="e">editor.</subfield>
  </datafield>
  <datafield tag="830" ind1=" " ind2="0">
    <subfield code="a">Manshūrāt al-Jāmiʻah al-Lubnānīyah.</subfield>
    <subfield code="p">Qism al-Dirāsāt al-Tārīkhīyah ;</subfield>
    <subfield code="v">1.</subfield>
  </datafield>
  <datafield tag="955" ind1=" " ind2=" ">
    <subfield code="b">0026812819</subfield>
    <subfield code="d">glx</subfield>
    <subfield code="e">956.9 B25 v.1</subfield>
  </datafield>
</record>
</collection>